<collection xmlns="http://www.loc.gov/MARC21/slim"><record><leader>00728nam  2200205   450</leader><controlfield tag="001">940</controlfield><controlfield tag="003">http://montalegre.opacnet.com/OPAC/default.aspx?ContentAreaControl=ShowRegHoldings.ascx&amp;RegNo=16662</controlfield><datafield tag="095" ind1=" " ind2=" "><subfield code="a">PTBN00002145</subfield></datafield><datafield tag="100" ind1=" " ind2=" "><subfield code="a">19790301d1978    m  y0pora0103    ba</subfield></datafield><datafield tag="101" ind1="1" ind2=" "><subfield code="a">por</subfield><subfield code="c">fre</subfield></datafield><datafield tag="102" ind1=" " ind2=" "><subfield code="a">PT</subfield></datafield><datafield tag="200" ind1="1" ind2=" "><subfield code="a">Ontem e amanhã</subfield><subfield code="e">novelas</subfield><subfield code="f">Júlio Verne</subfield><subfield code="g">trad. Maria Helena Nascimento e Silva</subfield></datafield><datafield tag="210" ind1=" " ind2=" "><subfield code="a">Lisboa</subfield><subfield code="c">António Ramos</subfield><subfield code="d">imp. 1978</subfield></datafield><datafield tag="215" ind1=" " ind2=" "><subfield code="a">193, [1] p.</subfield><subfield code="d">17 cm</subfield></datafield><datafield tag="304" ind1=" " ind2=" "><subfield code="a">Tít. orig.: Hier et demain</subfield></datafield><datafield tag="675" ind1=" " ind2=" "><subfield code="a">087.5</subfield><subfield code="v">bn</subfield><subfield code="z">por</subfield></datafield><datafield tag="700" ind1=" " ind2="1"><subfield code="a">Verne</subfield><subfield code="b">Jules</subfield><subfield code="f">1828-1905</subfield><subfield code="3">27932</subfield></datafield><datafield tag="702" ind1=" " ind2="1"><subfield code="a">Silva</subfield><subfield code="b">Maria Helena Nascimento e</subfield><subfield code="4">730</subfield><subfield code="3">115847</subfield></datafield><datafield tag="801" ind1=" " ind2="0"><subfield code="a">PT</subfield><subfield code="b">Biblioteca Municipal de Montalegre</subfield><subfield code="g">RPC</subfield></datafield><datafield tag="856" ind1=" " ind2=" "><subfield code="u">locateMedia.asp?cod=20060703095323&amp;ext=jpg</subfield><subfield code="z">CAPA</subfield></datafield><datafield tag="909" ind1="&#9;" ind2=" "><subfield code="a">1</subfield></datafield><datafield tag="966" ind1=" " ind2=" "><subfield code="a">0009410</subfield><subfield code="l">BMM</subfield><subfield code="s">SJ 087.5 VER ont</subfield></datafield></record></collection>